% AAAI 2026 Bibliography File
% Original template structure maintained, content replaced with our actual references

@misc{NEURIPS2020_1457c0d6,
  title = {Language Models are Few-Shot Learners},
  author = {Tom B. Brown and Benjamin Mann and Nick Ryder and Melanie Subbiah and Jared Kaplan and Prafulla Dhariwal and Arvind Neelakantan and Pranav Shyam and Girish Sastry and Amanda Askell and Sandhini Agarwal and Ariel Herbert-Voss and Gretchen Krueger and Tom Henighan and Rewon Child and Aditya Ramesh and Daniel M. Ziegler and Jeffrey Wu and Clemens Winter and Christopher Hesse and Mark Chen and Eric Sigler and Mateusz Litwin and Scott Gray and Benjamin Chess and Jack Clark and Christopher Berner and Sam McCandlish and Alec Radford and Ilya Sutskever and Dario Amodei},
  year = {2020},
  eprint = {2005.14165},
  archivePrefix = {arXiv},
  primaryClass = {cs.CL}
}

@misc{wei2022chain,
  title = {Chain-of-Thought Prompting Elicits Reasoning in Large Language Models},
  author = {Jason Wei and Xuezhi Wang and Dale Schuurmans and Maarten Bosma and Ed Chi and Quoc Le and Denny Zhou},
  year = {2022},
  eprint = {2201.11903},
  archivePrefix = {arXiv},
  primaryClass = {cs.CL}
}

@misc{turpin2023language,
  title = {Language Models Don't Always Say What They Think: Unfaithful Explanations in Chain-of-Thought Prompting},
  author = {Miles Turpin and Julian Michael and Ethan Perez and Samuel R. Bowman},
  year = {2023},
  eprint = {2305.04388},
  archivePrefix = {arXiv},
  primaryClass = {cs.CL}
}

@misc{lanham2023measuring,
  title = {Measuring Faithfulness in Chain-of-Thought Reasoning},
  author = {Tamera Lanham and Anna Chen and Ansh Radhakrishnan and Benoit Steiner and Carson Denison and Danny Hernandez and Dustin Li and Esin Durmus and Evan Hubinger and Jackson Kernion and Kamilė Lukošiūtė and Karina Nguyen and Newton Cheng and Nicholas Joseph and Nicholas Schiefer and Oliver Rausch and Robin Larson and Sam McCandlish and Sandipan Kundu and Saurav Kadavath and Shannon Yang and Thomas Henighan and Timothy Maxwell and Timothy Telleen-Lawton and Tristan Hume and Zac Hatfield-Dodds and Jared Kaplan and Jan Leike and Ethan Perez and Samuel R. Bowman and Tom Brown},
  year = {2023},
  eprint = {2307.13702},
  archivePrefix = {arXiv},
  primaryClass = {cs.AI}
}

@misc{rumelhart1986learning,
  title = {Learning Representations by Back-propagating Errors},
  author = {David E. Rumelhart and Geoffrey E. Hinton and Ronald J. Williams},
  year = {1986},
  journal = {Nature},
  volume = {323},
  number = {6088},
  pages = {533--536},
  publisher = {Nature Publishing Group}
}

@misc{lyu2023faithful,
  title = {Faithful Chain-of-Thought Reasoning},
  author = {Qing Lyu and Shreya Havaldar and Adam Stein and Li Zhang and Delip Rao and Eric Wong and Marianna Apidianaki and Chris Callison-Burch},
  year = {2023},
  eprint = {2301.13379},
  archivePrefix = {arXiv},
  primaryClass = {cs.CL}
}

@misc{cobbe2021gsm8k,
  title = {Training Verifiers to Solve Math Word Problems},
  author = {Karl Cobbe and Vineet Kosaraju and Mohammad Bavarian and Mark Chen and Heewoo Jun and Lukasz Kaiser and Matthias Plappert and Jerry Tworek and Jacob Hilton and Reiichiro Nakano and Christopher Hesse and John Schulman},
  year = {2021},
  eprint = {2110.14168},
  archivePrefix = {arXiv},
  primaryClass = {cs.LG}
}